% Example entries:

% article{label,
%     author = "Einstein, A. and Dirac, P. and others",
%     title = "Relativity",
%     journal = "Nature",
%     volume = "10",
%     number = "2",
%     pages = "7-13",
%     year = "1998",
%     DOI = "https://dx.doi.org/10.1006/etc"
% }

% book{label,
%     author = "",
%     title = "",
%     year = "",
%     publisher = "",
%     address = "Caltech, California"    % this is the address of the institution
% }

% inbook{label,
%     author = "",
%     title = "",
%     chapter = "",
%     pages = "",
%     year = "",
%     publisher = "",
%     address = ""
% }

% manual{label,
%     author = ""
% }

% misc{label,
%     author = "",
%     title = "",
%     url = ""
% }

@article{adamski_kremesec_charbeneau_2005,
    title={Residual Saturation: What is It? How is It Measured? How Should We Use It?},
    journal={J. Environ. Sci.},
    author={Adamski, M. and Kremesec, V. and Charbeneau, R. J.},
    year={2005}
}

@article{detmann_surface_wave_2006,
    title={On Results of the Surface Wave Analyses in Poroelastic Media by Means of the Simple Mixture Model and the Biot Model},
    volume={26},
    DOI={10.1016/j.soildyn.2006.01.007},
    number={6-7},
    journal={Soil Dyn. Earthquake Eng.},
    author={Detmann, B.},
    year={2006},
    pages={537–547}
}

@article{arrouays_deslais_badeau_2006,
    title={The Carbon Content of Topsoil and Its Geographical Distribution in France},
    volume={17},
    DOI={10.1111/j.1475-2743.2001.tb00002.x},
    number={1},
    journal={Soil Use Manage.},
    author={Arrouays, D. and Deslais, W. and Badeau, V.},
    year={2006},
    pages={7–11}
}

@article{hubbard_mankin_crocker_2001,
    title={Mapping of Soil Insect Infestations Sampled by Excavation and Acoustic Methods},
    volume={94},
    DOI={10.1603/0022-0493-94.6.1452},
    number={6},
    journal={J. Econ. Entomol.},
    author={Brandhorst-Hubbard, J. L. and Flanders, K. L. and Mankin, R. W. and Guertal, E. A. and Crocker, R. L.},
    year={2001},
    pages={1452–1458}
}

@article{castiglioni_sasal_wilson_oszust_2018,
    title={Seasonal Variation of Soil Aggregate Stability, Porosity and Infiltration During a Crop Sequence Under No Tillage},
    volume={36},
    DOI={10.28940/terra.v36i3.333},
    number={3},
    journal={Revista Terra Latinoamericana},
    author={Castiglioni, M. G. and Sasal, M. C. and Wilson, M. and Oszust, J. D.},
    year={2018}
}

@article{detmann_num_sim_2008,
    title={Modeling And Numerical Analysis Of Wave Propagation In Partially Saturated Porous Media},
    DOI={10.1142/9789812772350_0002},
    journal={Waves and Stability in Continuous Media},
    author={Detmann, B.},
    year={2008}
}

@article{detmann_propagation_2008,
    title={Propagation of Sound Waves in Partially Saturated Soils},
    volume={8},
    DOI={10.1002/pamm.200810667},
    number={1},
    journal={Proc. Appl. Math. Mech.},
    author={Detmann, B.},
    year={2008},
    pages={10667–10668}
}

@article{detmann_analysis_2009,
    title={Analysis of the Propagation of Sound Waves in Partially Saturated Soils by Means of a Macroscopic Linear Poroelastic Model},
    volume={80},
    DOI={10.1007/s11242-009-9360-y},
    number={1},
    journal={Transport in Porous Media},
    author={Detmann, B.},
    year={2009},
    pages={173–192}
}

@article{gorres_chesmore_2019,
    title={Active Sound Production of Scarab Beetle Larvae Opens Up New Possibilities for Species-specific Pest Monitoring in Soils},
    volume={9},
    DOI={10.1038/s41598-019-46121-y},
    number={1},
    journal={Sci. Rep.},
    author={Görres, C. and Chesmore, D.},
    year={2019}
}

@article{inyang_mankin_2019,
    title={Subterranean Acoustic Activity Patterns of Vitacea Polistiformis (Lepidoptera: Sesiidae) in Relation to Abiotic and Biotic Factors},
    volume={10},
    DOI={10.3390/insects10090267},
    number={9},
    journal={Insects},
    author={Inyang, E. I. and Hix, R. L. and Tsolova, V. and Rohde, B. B. and Dosunmu, O. and Mankin, R. W.},
    year={2019},
    pages={267}
}

@article{johnson_crawford_zhang_2007,
    title={Non-invasive Techniques for Investigating and Modelling Root-feeding Insects in Managed and Natural systems},
    volume={9},
    DOI={10.1111/j.1461-9563.2006.00315.x},
    number={1},
    journal={Agric. For. Entomol.},
    author={Johnson, S. N. and Crawford, J. W. and Gregory, P. J. and Grinev, D. V. and Mankin, R. W. and Masters, G. J. and Murray, P. J. and Wall, D. H. and Zhang, X.},
    year={2007},
    pages={39–46}
}

@article{kirkham_2014,
    title={Water Movement in Saturated Soil},
    DOI={10.1016/b978-0-12-420022-7.00007-0},
    journal={Principles of Soil and Plant Water Relations},
    author={Kirkham, M. B.},
    year={2014},
    pages={87–101}
}

@article{wilmanski_2002,
    title={Thermodynamical Admissibility of Biot's Model of Poroelastic Saturated Materials},
    volume={54},
    journal={Arch. Mech.},
    author={Wilmański, K.},
    year={2002},
    pages={709–736}
}

@article{mankin_hubbard_weaver_2000,
    title={Eavesdropping on Insects Hidden in Soil and Interior Structures of Plants},
    volume={93},
    DOI={10.1603/0022-0493-93.4.1173},
    number={4},
    journal={J. Econ. Entomol.},
    author={Mankin, R. W. and Brandhorst-Hubbard, J. and Flanders, K. L. and Zhang, M. and Crocker, R. L. and Lapointe, S. L. and Mccoy, C. W. and Fisher, J. R. and Weaver, D. K.},
    year={2000},
    pages={1173–1182}
}

@article{mankin_hagstrum_kairo_2011,
    title={Perspective and Promise: A Century of Insect Acoustic Detection and Monitoring},
    volume={57}, DOI={10.1093/ae/57.1.30},
    number={1}, journal={American Entomologist},
    author={Mankin, R. W. and Hagstrum, D. W. and Smith, M. T. and Roda, A. L. and Kairo, M. T. K.},
    year={2011},
    month={Jan},
    pages={30–44}
}

@article{mankin_hubbard_flanders_2007,
    title={Acoustic Indicators for Mapping Infestation Probabilities of Soil Invertebrates},
    volume={100},
    DOI={10.1093/jee/100.3.790},
    number={3},
    journal={J. Econ. Entomol.},
    author={Mankin, R. W. and Brandhorst-Hubbard, J. L. and Flanders, K. L.},
    year={2007},
    pages={790–800}
}

@article{mankin_mccoy_shapiro_1998,
    title={Methods for Acoustic Detection of Insect Pests in Soil},
    journal={Soil Sci. Soc. Am. J.},
    author={Mankin, R. W. and McCoy, C. W. and Flanders, K. L. and Brandhorst-Hubbard, J. L. and Crocker, R. L. and Shapiro, J. P.},
    year={1998},
    month={Nov},
    pages={3–8}
}

@article{mcevoy_1996,
    title={Host Specificity and Biological Pest Control},
    volume={46},
    DOI={10.2307/1312873},
    number={6},
    journal={BioScience},
    author={Mcevoy, P. B.},
    year={1996},
    pages={401–405}
}

@article{michelsen_fink_gogala_traue_1982,
    title={Plants as Transmission Channels for Insect Vibrational Songs},
    volume={11},
    DOI={10.1007/bf00299304},
    number={4},
    journal={Behavioral Ecology and Sociobiology},
    author={Michelsen, A. and Fink, F. and Gogala, M. and Traue, D.},
    year={1982},
    pages={269–281}
}

@article{brien_darmody_2002,
    title={Measurement of Attenuation and Speed of Sound in Soils},
    volume={66},
    DOI={10.2136/sssaj2002.7880},
    number={3},
    journal={Soil Sci. Soc. Am. J.},
    author={Oelze, M. L. and O'Brien, W. D. and Darmody, RR. G.},
    year={2002},
    pages={788–796}
}

@article{ostoja-starzewski_zhang_2016,
    title={Scaling to RVE in Random Media},
    DOI={10.1016/bs.aams.2016.07.001},
    journal={Adv. Appl. Math. Mech.},
    author={Ostoja-Starzewski, M. and Kale, S. and Karimi, P. and Malyarenko, A. and Raghavan, B. and Ranganathan, S. I. and Zhang, J.},
    year={2016},
    pages={111–211}
}

@article{sanders_mankin_liburd_stelinski_2011,
    title={Acoustic Detection of Arthropod Infestation of Grape Roots: Scouting for Grape Root Borer (Lepidoptera: Sesiidae)},
    volume={94},
    DOI={10.1653/024.094.0224},
    number={2},
    journal={Florida Entomologist},
    author={Sanders, W. R. and Mankin, R. W. and Liburd, O. E. and Stelinski, L. L.},
    year={2011},
    pages={296–302}
}


@article{van_genuchten_1980,
    title={A Closed-form Equation for Predicting the Hydraulic Conductivity of Unsaturated Soils},
    volume={44},
    DOI={10.2136/sssaj1980.03615995004400050002x},
    number={5},
    journal={Soil Sci. Soc. Am. J.},
    author={van Genuchten, M. T.},
    year={1980},
    pages={892–898}
}

@article{vincent_hallman_panneton_2003,
    title={Management of Agricultural Insects with Physical Control Methods},
    volume={48},
    DOI={10.1146/annurev.ento.48.091801.112639},
    number={1},
    journal={Annual Review of Entomology},
    author={Vincent, C. and Hallman, G. and Panneton, B. and Fleurat-Lessard, F.},
    year={2003},
    pages={261–281}
}

@article{wyckoff_botset_1936,
    title={The Flow of Gas‐Liquid Mixtures Through Unconsolidated Sands},
    volume={7},
    DOI={10.1063/1.1745402},
    number={9},
    journal={Physics},
    author={Wyckoff, R. D. and Botset, H. G.},
    year={1936},
    pages={325–345}
}

@book{mcquarrie_simon_1999,
    title={Molecular Thermodynamics},
    publisher={University Science Books},
    author={McQuarrie, D. A. and Simon, J. D.},
    year={1999}
}

@book{wang_2000,
    title={Theory of Linear Poroelasticity: With Applications to Geomechanics and Hydrogeology},
    publisher={Princeton University Press},
    author={Wang, H. F.},
    year={2000}
}

@book{white_1983,
    title={Underground Sound: Application of Seismic Waves},
    publisher={Elsevier Academic Press},
    author={White, J. E.},
    year={1983}
}

@inbook{alford_2012,
    edition={Second},
    title={Insects},
    booktitle={Pests of Ornamental Trees, Shrubs and Flowers: A Color Handbook},
    publisher={Elsevier Academic Press},
    author={Alford, D. V.},
    year={2012},
    pages={20–404}
}

@inbook{bai_wen_2019,
    title={Vapor-condensed Gas Lubrication of Face Seals},
    booktitle={Gas Thermohydrodynamic Lubrication and Seals},
    publisher={Academic Press},
    author={Bai, S. and Wen, S.},
    year={2019},
    pages={143–165}
}

@inbook{hemond_fechner_2015,
    edition={Third},
    title={The Subsurface Environment},
    booktitle={Chemical Fate and Transport in the Environment},
    publisher={Elsevier Academic Press},
    author={Hemond, H. F. and Fechner, E. J.},
    year={2015},
    pages={219–310}
}

@inbook{jog_2015,
    title={Balance Laws},
    booktitle={Continuum Mechanics: Foundations and Applications of Mechanics},
    publisher={Cambridge University Press},
    author={Jog, C. S.},
    year={2015},
    pages={166–202}
}

@inbook{smitley_2012,
    title={European Chafer},
    booktitle={Handbook of Turfgrass Insect Pests},
    publisher={Entomological Society of America},
    author={Smitley, D. R.},
    year={2012},
    pages={33–35}
}

@misc{chafer_grubs_in_lawns,
    title={Chafer Grubs in Lawns},
    url={https://www.rhs.org.uk/advice/profile?pid=487},
    publisher={RHS Gardening}
}

@misc{crampton_2020,
    title={Biological vs. Chemical Pest Control: Benefits and Disadvantages},
    url={https://owlcation.com/agriculture/Biological-vs-Chemical-Pest-Control},
    journal={Owlcation},
    author={Crampton, L.},
    year={2020},
    month={Mar}
}

@misc{glover_2014,
    title={Fluid Saturation and Capillary Pressure},
    url={http://homepages.see.leeds.ac.uk/~earpwjg/PG_EN/CD%20Contents/GGL-66565%20Petrophysics%20English/New%20Folder/Chapter%204.PDF},
    journal={Petrophysics MSc Course Notes},
    publisher={University of Leeds},
    author={Glover, P.},
    year={2014},
    month={May}
}

@misc{landis_2004,
    url={http://www.landis.org.uk/soilscapes/},
    journal={LandIS},
    publisher={Cranfield Soil and Agrifood Institute},
    year={2004}
}

@misc{rhs_gardening_2009,
    title={Soil Types},
    url={https://www.rhs.org.uk/advice/profile?pid=179},
    journal={RHS Gardening},
    year={2009}
}

 @article{hill_1972,
    title={On Constitutive Macro-variables for Heterogeneous Solids at Finite Strain},
    volume={326},
    DOI={10.1098/rspa.1972.0001},
    number={1565},
    journal={Proc. R. Soc. London, Ser. A},
    author={Hill, Rodney},
    year={1972},
    pages={131–147}
}

 @article{santos_corbero_douglas_1990,
    title={Static and Dynamic Behavior of a Porous Solid Saturated by a Two‐phase Fluid},
    volume={87},
    DOI={10.1121/1.399439},
    number={4},
    journal={J. Acoust. Soc. Am.},
    author={Santos, J. E. and Corberó, J. M. and Douglas, J.},
    year={1990},
    pages={1428–1438}
}